@article{valiant1990bridging,
  title={A bridging model for parallel computation},
  author={Valiant, Leslie G},
  journal={Communications of the ACM},
  volume={33},
  number={8},
  pages={103--111},
  year={1990},
  publisher={ACM}
}

@article{MapReduce,
 author = {Dean, Jeffrey and Ghemawat, Sanjay},
 title = {MapReduce: Simplified Data Processing on Large Clusters},
 journal = {Commun. ACM},
 issue_date = {January 2008},
 volume = {51},
 number = {1},
 month = jan,
 year = {2008},
 issn = {0001-0782},
 pages = {107--113},
 numpages = {7},
 url = {http://doi.acm.org/10.1145/1327452.1327492},
 doi = {10.1145/1327452.1327492},
 acmid = {1327492},
 publisher = {ACM},
 address = {New York, NY, USA},
} 

@article{Dryad,
 author = {Isard, Michael and Budiu, Mihai and Yu, Yuan and Birrell, Andrew and Fetterly, Dennis},
 title = {Dryad: Distributed Data-parallel Programs from Sequential Building Blocks},
 journal = {SIGOPS Oper. Syst. Rev.},
 issue_date = {June 2007},
 volume = {41},
 number = {3},
 month = mar,
 year = {2007},
 issn = {0163-5980},
 pages = {59--72},
 numpages = {14},
 url = {http://doi.acm.org/10.1145/1272998.1273005},
 doi = {10.1145/1272998.1273005},
 acmid = {1273005},
 publisher = {ACM},
 address = {New York, NY, USA},
 keywords = {cluster computing, concurrency, dataflow, distributed programming},
} 

@inproceedings{Spark,
 author = {Zaharia, Matei and Chowdhury, Mosharaf and Franklin, Michael J. and Shenker, Scott and Stoica, Ion},
 title = {Spark: Cluster Computing with Working Sets},
 booktitle = {Proceedings of the 2Nd USENIX Conference on Hot Topics in Cloud Computing},
 series = {HotCloud'10},
 year = {2010},
 location = {Boston, MA},
 pages = {10--10},
 numpages = {1},
 url = {http://dl.acm.org/citation.cfm?id=1863103.1863113},
 acmid = {1863113},
 publisher = {USENIX Association},
 address = {Berkeley, CA, USA},
} 

@inproceedings{RDD,
 author = {Zaharia, Matei and Chowdhury, Mosharaf and Das, Tathagata and Dave, Ankur and Ma, Justin and McCauley, Murphy and Franklin, Michael J. and Shenker, Scott and Stoica, Ion},
 title = {Resilient Distributed Datasets: A Fault-tolerant Abstraction for In-memory Cluster Computing},
 booktitle = {Proceedings of the 9th USENIX Conference on Networked Systems Design and Implementation},
 series = {NSDI'12},
 year = {2012},
 location = {San Jose, CA},
 pages = {2--2},
 numpages = {1},
 url = {http://dl.acm.org/citation.cfm?id=2228298.2228301},
 acmid = {2228301},
 publisher = {USENIX Association},
 address = {Berkeley, CA, USA},
} 

@inproceedings{Pregel,
 author = {Malewicz, Grzegorz and Austern, Matthew H. and Bik, Aart J.C and Dehnert, James C. and Horn, Ilan and Leiser, Naty and Czajkowski, Grzegorz},
 title = {Pregel: A System for Large-scale Graph Processing},
 booktitle = {Proceedings of the 2010 ACM SIGMOD International Conference on Management of Data},
 series = {SIGMOD '10},
 year = {2010},
 isbn = {978-1-4503-0032-2},
 location = {Indianapolis, Indiana, USA},
 pages = {135--146},
 numpages = {12},
 url = {http://doi.acm.org/10.1145/1807167.1807184},
 doi = {10.1145/1807167.1807184},
 acmid = {1807184},
 publisher = {ACM},
 address = {New York, NY, USA},
 keywords = {distributed computing, graph algorigthms},
}

@inproceedings{GPS,
 author = {Salihoglu, Semih and Widom, Jennifer},
 title = {GPS: A Graph Processing System},
 booktitle = {Proceedings of the 25th International Conference on Scientific and Statistical Database Management},
 series = {SSDBM},
 year = {2013},
 isbn = {978-1-4503-1921-8},
 location = {Baltimore, Maryland, USA},
 pages = {22:1--22:12},
 articleno = {22},
 numpages = {12},
 url = {http://doi.acm.org/10.1145/2484838.2484843},
 doi = {10.1145/2484838.2484843},
 acmid = {2484843},
 publisher = {ACM},
 address = {New York, NY, USA},
}

@article{GraphLab,
  author = {Yucheng Low and Joseph E. Gonzalez and Aapo Kyrola and Danny Bickson and Carlos Guestrin and Joseph M. Hellerstein},
  title = {GraphLab: {A} New Framework For Parallel Machine Learning},
  journal = {CoRR},
  volume = {abs/1408.2041},
  year = {2014},
  url = {http://arxiv.org/abs/1408.2041},
  archivePrefix = {arXiv},
  eprint = {1408.2041},
  timestamp = {Mon, 13 Aug 2018 16:47:58 +0200},
  biburl = {https://dblp.org/rec/bib/journals/corr/LowGKBGH14},
  bibsource = {dblp computer science bibliography, https://dblp.org}
}

@inproceedings{PowerGraph,
 author = {Gonzalez, Joseph E. and Low, Yucheng and Gu, Haijie and Bickson, Danny and Guestrin, Carlos},
 title = {PowerGraph: Distributed Graph-parallel Computation on Natural Graphs},
 booktitle = {Proceedings of the 10th USENIX Conference on Operating Systems Design and Implementation},
 series = {OSDI'12},
 year = {2012},
 isbn = {978-1-931971-96-6},
 location = {Hollywood, CA, USA},
 pages = {17--30},
 numpages = {14},
 url = {http://dl.acm.org/citation.cfm?id=2387880.2387883},
 acmid = {2387883},
 publisher = {USENIX Association},
 address = {Berkeley, CA, USA},
}  

@techreport{PageRank,
 number = {1999-66},
 month = {November},
 author = {Lawrence Page and Sergey Brin and Rajeev Motwani and Terry Winograd},
 note = {Previous number = SIDL-WP-1999-0120},
 title = {The PageRank Citation Ranking: Bringing Order to the Web.},
 type = {Technical Report},
 publisher = {Stanford InfoLab},
 year = {1999},
 institution = {Stanford InfoLab},
 url = {http://ilpubs.stanford.edu:8090/422/}
}

@inproceedings{Piccolo,
 author = {Power, Russell and Li, Jinyang},
 title = {Piccolo: Building Fast, Distributed Programs with Partitioned Tables},
 booktitle = {Proceedings of the 9th USENIX Conference on Operating Systems Design and Implementation},
 series = {OSDI'10},
 year = {2010},
 location = {Vancouver, BC, Canada},
 pages = {293--306},
 numpages = {14},
 url = {http://dl.acm.org/citation.cfm?id=1924943.1924964},
 acmid = {1924964},
 publisher = {USENIX Association},
 address = {Berkeley, CA, USA},
} 

@incollection{DDN,

 title = {Large Scale Distributed Deep Networks},

 author = {Jeffrey Dean and Greg Corrado and Rajat Monga and Chen, Kai and Matthieu Devin and Mark Mao and Marc\textquotesingle aurelio Ranzato and Andrew Senior and Paul Tucker and Ke Yang and Quoc V. Le and Andrew Y. Ng},

 booktitle = {Advances in Neural Information Processing Systems 25},
 editor = {F. Pereira and C. J. C. Burges and L. Bottou and K. Q. Weinberger},

 pages = {1223--1231},

 year = {2012},

 publisher = {Curran Associates, Inc.},

 url = {http://papers.nips.cc/paper/4687-large-scale-distributed-deep-networks.pdf}

}


@inproceedings{SDML,
 author = {Li, Mu},
 title = {Scaling Distributed Machine Learning with the Parameter Server},
 booktitle = {Proceedings of the 2014 International Conference on Big Data Science and Computing},
 series = {BigDataScience '14},
 year = {2014},
 isbn = {978-1-4503-2891-3},
 location = {Beijing, China},
 pages = {3:1--3:1},
 articleno = {3},
 numpages = {1},
 url = {http://doi.acm.org/10.1145/2640087.2644155},
 doi = {10.1145/2640087.2644155},
 acmid = {2644155},
 publisher = {ACM},
 address = {New York, NY, USA},
} 

@incollection{CEDML,

 title = {Communication Efficient Distributed Machine Learning with the Parameter Server},

 author = {Li, Mu and Andersen, David G and Smola, Alexander J and Yu, Kai},

 booktitle = {Advances in Neural Information Processing Systems 27},
 editor = {Z. Ghahramani and M. Welling and C. Cortes and N. D. Lawrence and K. Q. Weinberger},

 pages = {19--27},

 year = {2014},

 publisher = {Curran Associates, Inc.},

 url = {http://papers.nips.cc/paper/5597-communication-efficient-distributed-machine-learning-with-the-parameter-server.pdf}

}


@inproceedings{Storm,
 author = {Toshniwal, Ankit and Taneja, Siddarth and Shukla, Amit and Ramasamy, Karthik and Patel, Jignesh M. and Kulkarni, Sanjeev and Jackson, Jason and Gade, Krishna and Fu, Maosong and Donham, Jake and Bhagat, Nikunj and Mittal, Sailesh and Ryaboy, Dmitriy},
 title = {Storm@Twitter},
 booktitle = {Proceedings of the 2014 ACM SIGMOD International Conference on Management of Data},
 series = {SIGMOD '14},
 year = {2014},
 isbn = {978-1-4503-2376-5},
 location = {Snowbird, Utah, USA},
 pages = {147--156},
 numpages = {10},
 url = {http://doi.acm.org/10.1145/2588555.2595641},
 doi = {10.1145/2588555.2595641},
 acmid = {2595641},
 publisher = {ACM},
 address = {New York, NY, USA},
 keywords = {real-time query processing, stream data management},
} 

@article{Flink,
  title={Apache Flink™: Stream and Batch Processing in a Single Engine},
  author={Paris Carbone and Asterios Katsifodimos and Stephan Ewen and Volker Markl and Seif Haridi and Kostas Tzoumas},
  journal={IEEE Data Eng. Bull.},
  year={2015},
  volume={38},
  pages={28-38}
}

@inproceedings{Heron,
 author = {Kulkarni, Sanjeev and Bhagat, Nikunj and Fu, Maosong and Kedigehalli, Vikas and Kellogg, Christopher and Mittal, Sailesh and Patel, Jignesh M. and Ramasamy, Karthik and Taneja, Siddarth},
 title = {Twitter Heron: Stream Processing at Scale},
 booktitle = {Proceedings of the 2015 ACM SIGMOD International Conference on Management of Data},
 series = {SIGMOD '15},
 year = {2015},
 isbn = {978-1-4503-2758-9},
 location = {Melbourne, Victoria, Australia},
 pages = {239--250},
 numpages = {12},
 url = {http://doi.acm.org/10.1145/2723372.2742788},
 doi = {10.1145/2723372.2742788},
 acmid = {2742788},
 publisher = {ACM},
 address = {New York, NY, USA},
 keywords = {real-time data processing., stream data processing systems},
} 

@inproceedings{ahmed2012scalable,
  title={Scalable inference in latent variable models},
  author={Ahmed, Amr and Aly, Moahmed and Gonzalez, Joseph and Narayanamurthy, Shravan and Smola, Alexander J},
  booktitle={Proceedings of the fifth ACM international conference on Web search and data mining},
  pages={123--132},
  year={2012},
  organization={ACM}
}

@inproceedings{nishtala2013scaling,
  title={Scaling Memcache at Facebook.},
  author={Nishtala, Rajesh and Fugal, Hans and Grimm, Steven and Kwiatkowski, Marc and Lee, Herman and Li, Harry C and McElroy, Ryan and Paleczny, Mike and Peek, Daniel and Saab, Paul and others},
  booktitle={nsdi},
  volume={13},
  pages={385--398},
  year={2013}
}

@inproceedings{abadi2016tensorflow,
  title={Tensorflow: a system for large-scale machine learning.},
  author={Abadi, Mart{\'\i}n and Barham, Paul and Chen, Jianmin and Chen, Zhifeng and Davis, Andy and Dean, Jeffrey and Devin, Matthieu and Ghemawat, Sanjay and Irving, Geoffrey and Isard, Michael and others},
  booktitle={OSDI},
  volume={16},
  pages={265--283},
  year={2016}
}

@article{xing2015petuum,
  title={Petuum: A new platform for distributed machine learning on big data},
  author={Xing, Eric P and Ho, Qirong and Dai, Wei and Kim, Jin Kyu and Wei, Jinliang and Lee, Seunghak and Zheng, Xun and Xie, Pengtao and Kumar, Abhimanu and Yu, Yaoliang},
  journal={IEEE Transactions on Big Data},
  volume={1},
  number={2},
  pages={49--67},
  year={2015},
  publisher={IEEE}
}